@article{ArthurSamuel,
    author =       "Arthur Samuel",
    title =        "Machine Learning and Optimization",
    DOI =          "https://www.cims.nyu.edu/~munoz/files/ml_optimization.pdf"
}